<record><leader>00000cas a2200000 a 4500</leader><controlfield tag="001">11793351</controlfield><controlfield tag="008">850312d18911892ksuwr ne      0   a0eng d</controlfield><datafield ind1=" " ind2=" " tag="010"><subfield code="a">sn 85029932 </subfield></datafield><datafield ind1=" " ind2=" " tag="040"><subfield code="a">KSH</subfield><subfield code="b">eng</subfield><subfield code="c">KSH</subfield><subfield code="d">NPT</subfield><subfield code="d">OCL</subfield><subfield code="d">OCLCQ</subfield></datafield><datafield ind1=" " ind2=" " tag="042"><subfield code="a">msc</subfield></datafield><datafield ind1="0" ind2=" " tag="130"><subfield code="a">Exponent (Randall, Kan.)</subfield></datafield><datafield ind1="1" ind2="4" tag="245"><subfield code="a">The exponent.</subfield></datafield><datafield ind1=" " ind2=" " tag="260"><subfield code="a">Randall, Kan. :</subfield><subfield code="b">Kemp Bros.,</subfield><subfield code="c">1891-</subfield></datafield><datafield ind1=" " ind2=" " tag="300"><subfield code="a">v. :</subfield><subfield code="b">ill. ;</subfield><subfield code="c">50 cm.</subfield></datafield><datafield ind1=" " ind2=" " tag="310"><subfield code="a">Weekly</subfield></datafield><datafield ind1="0" ind2=" " tag="362"><subfield code="a">Vol. 1, no. 1 (Jan. 2, 1891)-</subfield></datafield><datafield ind1="1" ind2=" " tag="362"><subfield code="a">Ceased with Dec. 23, 1892 issue?</subfield></datafield><datafield ind1=" " ind2=" " tag="500"><subfield code="a">"True exponent of the people's party."</subfield></datafield><datafield ind1=" " ind2=" " tag="752"><subfield code="a">United States</subfield><subfield code="b">Kansas</subfield><subfield code="c">Jewell</subfield><subfield code="d">Randall.</subfield></datafield><datafield ind1="0" ind2="0" tag="780"><subfield code="t">Beacon (Randall, Kan.)</subfield><subfield code="w">(DLC)sn 85029927</subfield></datafield></record>